<collection xmlns="http://www.loc.gov/MARC21/slim">
<record>
  <leader>01069nam0a22002171i 450 </leader>
  <controlfield tag="001">IT\ICCU\CNCE\053588</controlfield>
  <controlfield tag="005">20021209000000.0</controlfield>
  <datafield tag="100" ind1=" " ind2=" ">
    <subfield code="a">20021203d1595        0itac0103    ba</subfield>
  </datafield>
  <datafield tag="101" ind1=" " ind2=" ">
    <subfield code="a">LAT</subfield>
  </datafield>
  <datafield tag="102" ind1=" " ind2=" ">
    <subfield code="a">IT</subfield>
  </datafield>
  <datafield tag="200" ind1="1" ind2=" ">
    <subfield code="a">℗Hieronymi Pradi et Ioannis Baptistae Villalpandi e Societate Iesu ℗In Ezechielem explanationes et Apparatus vrbis, ac templi Hierosolymitani. Commentariis et imaginibus illustratus. Opus tribus tomis distinctum ...</subfield>
  </datafield>
  <datafield tag="210" ind1=" " ind2=" ">
    <subfield code="a">Romae</subfield>
    <subfield code="d">1596-1605</subfield>
  </datafield>
  <datafield tag="215" ind1=" " ind2=" ">
    <subfield code="a">3 v.</subfield>
    <subfield code="c">ill. in gran parte calcogr.</subfield>
    <subfield code="d"></subfield>
  </datafield>
  <datafield tag="300" ind1=" " ind2=" ">
    <subfield code="a">ANNULLATO !!!!!!  vedi  38933((Cors. ; ebr. ; gr. ; rom</subfield>
  </datafield>
  <datafield tag="700" ind1=" " ind2="1">
    <subfield code="a">Prado,</subfield>
    <subfield code="b">Jern̤imo : de</subfield>
    <subfield code="3">IT\ICCU\CNCA\016774</subfield>
  </datafield>
  <datafield tag="790" ind1=" " ind2="1">
    <subfield code="a">Prado,</subfield>
    <subfield code="b">Gern̤imo</subfield>
    <subfield code="3">IT\ICCU\CNCA\023226</subfield>
    <subfield code="z">Prado, Jern̤imo : de</subfield>
  </datafield>
  <datafield tag="790" ind1=" " ind2="1">
    <subfield code="a">Prado,</subfield>
    <subfield code="b">Hieronymus</subfield>
    <subfield code="3">IT\ICCU\CNCA\023227</subfield>
    <subfield code="z">Prado, Jern̤imo : de</subfield>
  </datafield>
  <datafield tag="790" ind1=" " ind2="1">
    <subfield code="a">Pradus,</subfield>
    <subfield code="b">Hieronymus</subfield>
    <subfield code="3">IT\ICCU\CNCA\023228</subfield>
    <subfield code="z">Prado, Jern̤imo : de</subfield>
  </datafield>
  <datafield tag="801" ind1=" " ind2="3">
    <subfield code="a">IT</subfield>
    <subfield code="b">ICCU</subfield>
    <subfield code="c">20201115</subfield>
  </datafield>
  <datafield tag="899" ind1=" " ind2=" ">
    <subfield code="a">Biblioteca nazionale centrale. Roma</subfield>
    <subfield code="1">RM0267</subfield>
    <subfield code="2">BVE CR</subfield>
  </datafield>
  <datafield tag="899" ind1=" " ind2=" ">
    <subfield code="a">Biblioteca provinciale di filosofia San Tommaso d&apos;Aquino. Torino</subfield>
    <subfield code="1">TO0071</subfield>
    <subfield code="2">TO0 D8</subfield>
  </datafield>
</record>
</collection>
